<?xml version="1.0" encoding="UTF-8" ?><marc:collection xmlns:marc="http://www.loc.gov/MARC21/slim" xmlns:xsi="http://www.w3.org/2001/XMLSchema-instance" xsi:schemaLocation="http://www.loc.gov/MARC21/slim http://www.loc.gov/standards/marcxml/schema/MARC21slim.xsd">
<marc:record><marc:leader>02060cam a2200409Ii 4500</marc:leader>
<marc:controlfield tag="001">b1250189x</marc:controlfield>
<marc:controlfield tag="003">UaCaAUL</marc:controlfield><marc:controlfield tag="005">20180207024508.0</marc:controlfield><marc:controlfield tag="008">000621s1930    ua fco   b    000 0 ara d</marc:controlfield><marc:datafield tag="035" ind1=" " ind2=" "><marc:subfield code="a">(OCoLC)122972524</marc:subfield></marc:datafield><marc:datafield tag="040" ind1=" " ind2=" "><marc:subfield code="a">UaCaAUL</marc:subfield><marc:subfield code="b">eng</marc:subfield><marc:subfield code="e">rda</marc:subfield><marc:subfield code="c">MEAUC</marc:subfield><marc:subfield code="d">OCLCF</marc:subfield><marc:subfield code="d">OCLCO</marc:subfield><marc:subfield code="d">OCLCQ</marc:subfield><marc:subfield code="d">OCLCA</marc:subfield><marc:subfield code="d">MEAUC</marc:subfield></marc:datafield><marc:datafield tag="049" ind1=" " ind2=" "><marc:subfield code="a">MAIN</marc:subfield></marc:datafield><marc:datafield tag="066" ind1=" " ind2=" "><marc:subfield code="c">(3</marc:subfield></marc:datafield><marc:datafield tag="090" ind1=" " ind2=" "><marc:subfield code="a">HD2956</marc:subfield><marc:subfield code="b">.L37 1930</marc:subfield></marc:datafield><marc:datafield tag="100" ind1="1" ind2=" "><marc:subfield code="6">880-01</marc:subfield><marc:subfield code="a">Lāshīn, Aḥmad,</marc:subfield><marc:subfield code="e">author.</marc:subfield></marc:datafield><marc:datafield tag="245" ind1="1" ind2="3"><marc:subfield code="6">880-02</marc:subfield><marc:subfield code="a">al-Taʻāwun al-istihlākī wa-al-ṣināʻī lil-ʻummāl wa-al-zirāʻī, al-taʻāwun fī al-aqrāḍ wa-fī al-bināʼ, al-taʻāwun fī Miṣr /</marc:subfield><marc:subfield code="c">taʼlīf al-ustādh Aḥmad Lāshīn.</marc:subfield></marc:datafield><marc:datafield tag="264" ind1=" " ind2="1"><marc:subfield code="6">880-03</marc:subfield><marc:subfield code="a">Miṣr :</marc:subfield><marc:subfield code="b">Lajnat al-Taʼlīf wa-al-Tarjamah wa-al-Nashr,</marc:subfield><marc:subfield code="c">1930.</marc:subfield></marc:datafield><marc:datafield tag="264" ind1=" " ind2="3"><marc:subfield code="6">880-04</marc:subfield><marc:subfield code="a">Miṣr :</marc:subfield><marc:subfield code="b">Maṭbaʻat al-Iʻtimād bi-Shāriʻ Ḥasan al-Akbar bi-Miṣr.</marc:subfield></marc:datafield><marc:datafield tag="300" ind1=" " ind2=" "><marc:subfield code="a">24, 448 pages :</marc:subfield><marc:subfield code="b">portraits, photos ;</marc:subfield><marc:subfield code="c">20 cm.</marc:subfield></marc:datafield><marc:datafield tag="336" ind1=" " ind2=" "><marc:subfield code="a">text</marc:subfield><marc:subfield code="b">txt</marc:subfield><marc:subfield code="2">rdacontent.</marc:subfield></marc:datafield><marc:datafield tag="337" ind1=" " ind2=" "><marc:subfield code="a">unmediated</marc:subfield><marc:subfield code="b">n</marc:subfield><marc:subfield code="2">rdamedia.</marc:subfield></marc:datafield><marc:datafield tag="338" ind1=" " ind2=" "><marc:subfield code="a">volume</marc:subfield><marc:subfield code="b">nc</marc:subfield><marc:subfield code="2">rdacarrier.</marc:subfield></marc:datafield><marc:datafield tag="490" ind1="1" ind2=" "><marc:subfield code="6">880-05</marc:subfield><marc:subfield code="a">Silsilat al-maʻārif al-ʻāmmah.</marc:subfield></marc:datafield><marc:datafield tag="500" ind1=" " ind2=" "><marc:subfield code="a">Title page has publisher's stamp and illustrated. </marc:subfield></marc:datafield><marc:datafield tag="504" ind1=" " ind2=" "><marc:subfield code="a">Includes bibliographical references.</marc:subfield></marc:datafield><marc:datafield tag="650" ind1=" " ind2="0"><marc:subfield code="a">Cooperation.</marc:subfield></marc:datafield><marc:datafield tag="830" ind1=" " ind2="0"><marc:subfield code="6">880-06</marc:subfield><marc:subfield code="a">Silsilat al-maʻārif al-ʻāmmah.</marc:subfield></marc:datafield><marc:datafield tag="880" ind1="1" ind2="2"><marc:subfield code="6">245-02/(3/r</marc:subfield><marc:subfield code="a">التعاون الاستهلاكي والصناعي للعمال والزراعي: التعاون في الاقراض وفي البناء: التعاون في مصر /‪</marc:subfield><marc:subfield code="c">تأليف الأستاذ أحمد لاشين..</marc:subfield></marc:datafield><marc:datafield tag="880" ind1="1" ind2=" "><marc:subfield code="6">100-01/(3/r</marc:subfield><marc:subfield code="a">لاشين، أحمد..</marc:subfield></marc:datafield><marc:datafield tag="880" ind1=" " ind2="1"><marc:subfield code="6">264-03/(3/r</marc:subfield><marc:subfield code="a">مصر :‪</marc:subfield><marc:subfield code="b">لجنة التأليف والترجمة والنشر،‪</marc:subfield><marc:subfield code="c">1930.</marc:subfield></marc:datafield><marc:datafield tag="880" ind1=" " ind2="3"><marc:subfield code="6">264-04/(3/r</marc:subfield><marc:subfield code="a">مصر :‪</marc:subfield><marc:subfield code="b">مطبعة الاعتماد بشارع حسن الأكبر بمصر..</marc:subfield></marc:datafield><marc:datafield tag="880" ind1="1" ind2=" "><marc:subfield code="6">490-05/(3/r</marc:subfield><marc:subfield code="a">سلسلة المعارف العامة.</marc:subfield></marc:datafield><marc:datafield tag="880" ind1=" " ind2="0"><marc:subfield code="6">830-06/(3/r</marc:subfield><marc:subfield code="a">سلسلة المعارف العامة..</marc:subfield></marc:datafield><marc:datafield tag="907" ind1=" " ind2=" "><marc:subfield code="a">.b1250189x</marc:subfield><marc:subfield code="b">main </marc:subfield></marc:datafield><marc:datafield tag="902" ind1=" " ind2=" "><marc:subfield code="a">180213</marc:subfield></marc:datafield><marc:datafield tag="998" ind1=" " ind2=" "><marc:subfield code="b">1</marc:subfield><marc:subfield code="c">970101</marc:subfield><marc:subfield code="d">m</marc:subfield><marc:subfield code="e">a</marc:subfield><marc:subfield code="f">-</marc:subfield><marc:subfield code="g">3</marc:subfield><marc:subfield code="k">MAH</marc:subfield></marc:datafield><marc:datafield tag="945" ind1=" " ind2=" "><marc:subfield code="l">main </marc:subfield></marc:datafield></marc:record>
</marc:collection>
